<?xml version="1.0" encoding="UTF-8"?><collection xmlns="http://www.loc.gov/MARC21/slim"><record><leader>00548nam--2200181-i-4500</leader><controlfield tag="001">000047302</controlfield><controlfield tag="002">20161230</controlfield><controlfield tag="005">20170112234259</controlfield><controlfield tag="008">060222s1000------------r-----000-0-eng-d</controlfield><datafield ind1=" " ind2=" " tag="040"><subfield code="a">IFIN-HH</subfield></datafield><datafield ind1=" " ind2=" " tag="080"><subfield code="a">531.011</subfield></datafield><datafield ind1="1" ind2=" " tag="100"><subfield code="a">Whittaker, E. T</subfield></datafield><datafield ind1="1" ind2="0" tag="245"><subfield code="a">A treatise on the analytical dynamics of particles and rigid bodies</subfield><subfield code="b">With an introduction to the problem of three bodies</subfield><subfield code="c">E.T. Whittaker</subfield></datafield><datafield ind1=" " ind2=" " tag="250"><subfield code="a">4-th Edition</subfield></datafield><datafield ind1=" " ind2=" " tag="260"><subfield code="a">Cambridge</subfield><subfield code="b">Univ.Press</subfield><subfield code="c">1952</subfield></datafield><datafield ind1=" " ind2=" " tag="300"><subfield code="a">XIV + 456 p</subfield></datafield><datafield ind1=" " ind2=" " tag="852"><subfield code="a">10073</subfield><subfield code="c">531</subfield></datafield><datafield ind1=" " ind2=" " tag="CAT"><subfield code="a">SYS</subfield><subfield code="c">20170112</subfield><subfield code="h">234259</subfield></datafield></record></collection>